
@Article{	  chr:mac:ong:spi2014,
  title		= {{Revisionist Integral Deferred Correction with Adaptive
		  Step-Size Control}},
  author	= {A.~J.~Christlieb and C.~B.~MacDonald and B.~W.~Ong and
		  R.~J.~Spiteri},
  journal	= {arxiv},
  volume	= {1310.6331v2},
  year		= {2014}
}

@Article{	  dut:gre:rok2000,
  title		= {Spectral {D}eferred {C}orrection {M}ethods for {O}rdinary
		  {D}ifferential {E}quations},
  author	= {A.~Dutt and L.~Greengard and V.~Rokhlin},
  journal	= {BIT Numerical Mathematics},
  volume	= {40},
  issue		= {2},
  pages		= {241--266},
  year		= {2000}
}

@Article{	  ghi:rah:bir:mis2011,
  title		= {{Vesicle Migration and Spatial Organization Driven by Flow
		  Line Curvature}},
  author	= {G.~Ghigliotti and A.~Rahimian and G.~Biros and C.~Misbah},
  journal	= {Physical Review Letters},
  volume	= {106},
  numpages	= {4},
  pages		= {028101},
  year		= {2011}
}

@Article{	  gre:rok1987,
  title		= {{A Fast Algorithm for Particle Simulations}},
  author	= {L.~Greengard and V.~Rokhlin},
  journal	= {Journal of Computational Physics},
  volume	= {73},
  pages		= {325--348},
  year		= {1987}
}

@Book{		  hai:nor:wan1993,
  title		= {{Solving Ordinary Differential Equations I: Nonstiff
		  Problems}},
  author	= {Ernest Hairer and Gerhard Wanner and Syvert Paul
		  N$\o$rsett},
  publisher	= {Springer},
  year		= {1993}
}

@Article{	  hua:lai:xia2006,
  title		= {{An Integral Equation Method for Epitaxial Step-flow
		  Growth Simulations}},
  author	= {Jingfang Huang and Ming-Chih Lai and Yang Xiang},
  journal	= {Journal of Computational Physics},
  volume	= {216},
  issue		= {2},
  pages		= {724--743},
  year		= {2006}
}

@Article{	  kao:tah:bib:ezz:ben:bir:mis2011,
  title		= {{What Dictates Red Blood Cell Shapes and Dynamics in the
		  Microvasculature?}},
  author	= {B.~Kaoui and N.~Tahiri and T.~Biben and H.~Ez-Zahraouy and
		  A.~Benyoussef and G.~Biros and C.~Misbah},
  journal	= {Physical Review E},
  pages		= {1--11},
  year		= {2011}
}

@Article{	  kra:win:sei:lip1996,
  title		= {{Fluid Vesicles in Shear Flow}},
  author	= {M.~Kraus and W.~Wintz and U.~Seifert and R.~Lipowsky},
  journal	= {Physical Review Letter},
  volume	= {77},
  number	= {17},
  pages		= {3685--3688},
  year		= {1996}
}

@Article{	  min2003,
  title		= {{Semi-Implicit Spectral Deferred Correction Methods for
		  Ordinary Differential Equations}},
  author	= {Michael L.~Minion},
  journal	= {Communications in Mathematical Sciences},
  volume	= {1},
  number	= {3},
  pages		= {471--500},
  year		= {2003}
}

@Article{	  mis2006,
  title		= {{Vacillating Breathing and Tumbling of Vesicles under
		  Shear Flow}},
  author	= {Misbah, C.},
  journal	= {Physical Review Letters},
  volume	= {96},
  number	= {2},
  year		= {2006}
}

@Article{	  nog:gom2005,
  title		= {Shape transitions of fluid vesicles and red blood cells in
		  capillary flows},
  author	= {H.~Noguchi and D.~G.~Gompper},
  journal	= {Proceedings Of The National Academy Of Sciences Of The
		  United States Of America},
  volume	= {102},
  pages		= {14159--14164},
  year		= {2005}
}

@Article{	  poz1990,
  title		= {{The Axisymmetric Deformation Of A Red Blood Cell In
		  Uniaxial Straining Stokes Flow}},
  author	= {C.~Pozrikidis},
  journal	= {Journal of Fluid Mechanics},
  volume	= {216},
  pages		= {231--254},
  year		= {1990}
}

@Book{		  poz1992,
  title		= {Boundary Integral and Singularity Methods for Linearized
		  Viscous Flow},
  author	= {C.~Pozrikidis},
  publisher	= {Cambridge University Press},
  address	= {New York, NY, USA},
  year		= {1992}
}

@Article{	  qua:bir2014b,
  title		= {{High-volume fraction simulations of two-dimensional
		  vesicle suspensions}},
  author	= {Quaife, Bryan and Biros, George},
  journal	= {Journal of Computational Physics},
  volume	= {274},
  pages		= {245--267},
  year		= {2014}
}

@Article{	  qua:bir2014c,
  title		= {{Adaptive Time Stepping for Vesicle Simulations}},
  author	= {Bryan Quaife and Geroge Biros},
  submittedjournal={Journal of Computational Physics},
  volume	= {},
  journal	= {arxiv},
  note		= {1405.6621},
  year		= {2014}
}

@Article{	  rah:vee:bir2010,
  title		= {Dynamic simulation of locally inextensible vesicles
		  suspended in an arbitrary two-dimensional domain, a
		  boundary integral method},
  author	= {Abtin Rahimian and Shravan Kumar Veerapaneni and George
		  Biros},
  journal	= {Journal of Computational Physics},
  volume	= {229},
  pages		= {6466--6484},
  year		= {2010}
}

@Article{	  sac1996,
  title		= {Supported membranes: Scientific and practical
		  applications},
  author	= {E.~Sackmann},
  journal	= {Science},
  volume	= {271},
  pages		= {43--48},
  year		= {1996}
}

@Article{	  sei1997,
  title		= {Configurations of fluid membranes and vesicles},
  author	= {U.~Seifert},
  journal	= {Advances in Physics},
  volume	= {46},
  pages		= {13--137},
  year		= {1997}
}

@Article{	  vee:gue:zor:bir2009,
  title		= {A boundary integral method for simulating the dynamics of
		  inextensible vesicles suspended in a viscous fluid in
		  2{D}},
  author	= {S.~K.~Veerapaneni and D.~Gueyffier and D.~Zorin and
		  G.~Biros},
  journal	= {Journal of Computational Physics},
  volume	= {228},
  number	= {7},
  pages		= {2334--2353},
  year		= {2009}
}

@Book{        dav1975,
  title = {Interpolation and Approximation},
  author = {Philip J.~Davis},
  publisher	= {Dover Publications, Inc.},
  address       = {New York, N.Y.},   
  year		= {1975}
}
