
@Article{	  alp1999,
  title		= {{Hybrid Gauss-Trapezoidal Quadrature Rules}},
  author	= {B.~K.~Alpert},
  journal	= {SIAM Journal on Scientific Computing},
  volume	= {20},
  pages		= {1551--1584},
  year		= {1999}
}

@Article{	  asc:ruu:wet1995,
  title		= {{Implicit-Explicit Methods for Time-Dependent Partial
		  Differential Equations}},
  author	= {U.M.~Ascher and S.J.~Ruuth and B.T.R.~Wetton},
  journal	= {SIAM Journal on Numerical Analysis},
  volume	= {32},
  pages		= {797--823},
  year		= {1995}
}

@Article{	  bib:kas:mis2005,
  author	= {Thierry Biben and Klaus Kassner and Chaouqi Misbah},
  title		= {Phase-field approach to three-dimensional vesicle
		  dynamics},
  journal	= {Physical Review E},
  volume	= {72},
  number	= {041921},
  year		= {2005}
}

@Book{		  boh:ste1984,
  title		= {{Defect Correction Methods, Theory and Applications}},
  author	= {K.~B\"{o}hmer and H.~J.~Stetter},
  publisher	= {Springer-Verlag},
  address	= {New York},
  year		= {1984}
}

@Article{	  bou:lay:min2003,
  title		= {{High-Order Multi-Implicit Spectral Deferred Correction
		  Methods for Problems of Reactive Flow}},
  author	= {Anne Bourlioux and Anita T.~Layton and Michael L.~Minion},
  journal	= {Journal of Computational Physics},
  volume	= {189},
  pages		= {651--675},
  year		= {2003}
}

@Article{bos2007,
author = {Sebastiano Boscarino},
title = {Error Analysis of IMEX Rungeâ€“Kutta Methods Derived From
  Differential-Algebraic Systems},
journal = {SIAM Journal on Numerical Analysis},
volume = {45},
number = {4},
pages = {1600--1621},
year = {2007}
}

@Article{	  bou:min2010,
  title		= {{A Multirate Time Integrator for Regularized
    Stokeslets}},
  author	= {Elizabeth L.~Bouzarth and Michael L.~Minion},
  journal	= {Journal of Computational Physics},
  volume	= {229},
  number	= {11},
  pages		= {4208--4224},
  year		= {2010}
}

@inproceedings{bu:hua:min2009,
title = {{Semi-implicit Krylov Deferred Correction Methods for Ordinary
  Differential Equations}},
author = {Sunyoung Bu and Jingfang Huang and Michael L.~Minion},
booktitle = {Proceedings of the 15th american conference on Applied mathematics},
series = {AMATH'09},
pages = {95--100},
publisher = {World Scientific and Engineering Academy and Society (WSEAS)},
address = {Stevens Point, Wisconsin, USA},
year = {2009}
} 

@Article{	  bu:hua:min2012,
  title		= {{Semi-implicit Krylov Deferred Correction Methods for
		  Differential Algebraic Equations}},
  author	= {Sunyoung Bu and Jingfang Huang and Michael L.~Minion},
  journal	= {Mathematics of Computation},
  volume	= {81},
  pages		= {2127--2157},
  year		= {2012}
}

@Article{	  chr:hay:ong2012,
  title		= {{A Parallel Space-Time Algorithm}},
  author	= {Andrew J.~Christlieb and Ronald D.~Haynes and Benjamin
		  W.~Ong},
  journal	= {SIAM Journal on Scientific Computing},
  volume	= {34},
  number	= {5},
  pages		= {233--248},
  year		= {2012}
}

@Article{	  chr:mac:ong2010,
  title		= {{Parallel High-Order Integrators}},
  author	= {Andrew J.~Christlieb and Colin B.~Macdonald and Benjamin
		  W.~Ong},
  journal	= {SIAM Journal on Scientific Computing},
  volume	= {32},
  number	= {2},
  pages		= {818--835},
  year		= {2010}
}

@Article{	  chr:ong2011,
  title		= {{Implicit Parallel Time Integrators}},
  author	= {Andrew Christlieb and Benjamin Ong},
  journal	= {Journal on Scientific Computing},
  volume	= {49},
  pages		= {167--179},
  year		= {2011}
}

@Article{	  chr:ong:qui2009,
  title		= {Comments on high-order integrators embedded within
		  integral deferred correction methods},
  author	= {Andrew Christlieb and Benjamin Ong and Jing-Mei Qiu},
  journal	= {Communications in Applied Mathematics and Computational
		  Science},
  volume	= {4},
  pages		= {27--56},
  year		= {2009}
}

@Article{	  dah:lin:nev1983,
  title		= {{Stability of Two-Step Methods for Variable Integration
		  Steps}},
  author	= {Germund G.~Dahlquist, Werner Liniger and Olavi
		  Nevanlinna},
  journal	= {SIAM Journal on Numerical Analysis},
  volume	= {20},
  number	= {5},
  pages		= {1071--1085},
  month		= {October},
  year		= {1983}
}

@Article{	  du:zha2008,
  author	= {Qiang Du and Jian Zhang},
  title		= {{Adaptive Finite Element Method for a Phase Field Bending
		  Elasticity Model of Vesicle Membrane Deformations}},
  journal	= {SIAM Journal On Scientific Computing},
  volume	= {30},
  number	= {3},
  pages		= {1634--1657},
  year		= {2008}
}

@Article{	  dut:gre:rok2000,
  title		= {Spectral {D}eferred {C}orrection {M}ethods for {O}rdinary
		  {D}ifferential {E}quations},
  author	= {A.~Dutt and L.~Greengard and V.~Rokhlin},
  journal	= {BIT Numerical Mathematics},
  volume	= {40},
  issue		= {2},
  pages		= {241--266},
  year		= {2000}
}

@Article{	  ghi:rah:bir:mis2011,
  title		= {{Vesicle Migration and Spatial Organization Driven by Flow
		  Line Curvature}},
  author	= {G.~Ghigliotti and A.~Rahimian and G.~Biros and C.~Misbah},
  journal	= {Physical Review Letters},
  volume	= {106},
  numpages	= {4},
  pages		= {028101},
  year		= {2011}
}

@Book{		  hai:nor:wan1993,
  title		= {{Solving Ordinary Differential Equations I: Nonstiff
		  Problems}},
  author	= {Ernest Hairer and Gerhard Wanner and Syvert Paul
		  N$\o$rsett},
  publisher	= {Springer},
  year		= {1993}
}

@book{hai:wan1996,
title = {{Solving Ordinary Differential Equations II: Stiff and
  differential-algebraic problems}},
author = {Ernest Hairer and Gerhard Wanner},
publisher = {Springer},
year = {1996}
}

@Article{	  han:str2011,
  title		= {On the order of deferred correction},
  author	= {Anders C.~Hansen and John Strain},
  journal	= {Applied Numerical Mathematics},
  volume	= {61},
  pages		= {961--973},
  year		= {2011}
}

@Article{	  hua:jia:min2006,
  title		= {Accelerating the convergence of spectral deferred
		  correction methods},
  author	= {Jingfang Huang and Jun Jia and Michael Minion},
  journal	= {Journal of Computational Physics},
  volume	= {214},
  pages		= {633--656},
  year		= {2006}
}

@Article{	  hua:jia:min2007,
  title		= {Arbitrary order {K}rylov deferred correction methods for
		  differential algebraic equations},
  author	= {Jingfang Huang and Jun Jia and Michael Minion},
  journal	= {Journal of Computational Physics},
  volume	= {221},
  number	= {2},
  pages		= {739--760},
  year		= {2007}
}

@Article{	  hua:lai:xia2006,
  title		= {{An Integral Equation Method for Epitaxial Step-flow
		  Growth Simulations}},
  author	= {Jingfang Huang and Ming-Chih Lai and Yang Xiang},
  journal	= {Journal of Computational Physics},
  volume	= {216},
  issue		= {2},
  pages		= {724--743},
  year		= {2006}
}

@Article{	  jia:hua2008,
  title		= {{Krylov deferred correction accelerated method of lines
		  transpose for parabolic equations}},
  author	= {Jun Jia and Jingfang Huang},
  journal	= {Journal of Computational Physics},
  volume	= {227},
  pages		= {1739--1753},
  year		= {2008}
}

@Article{	  kao:tah:bib:ezz:ben:bir:mis2011,
  title		= {{What Dictates Red Blood Cell Shapes and Dynamics in the
		  Microvasculature?}},
  author	= {B.~Kaoui and N.~Tahiri and T.~Biben and H.~Ez-Zahraouy and
		  A.~Benyoussef and G.~Biros and C.~Misbah},
  journal	= {Physical Review E},
  pages		= {1--11},
  year		= {2011}
}

@Article{	  kim:lai2010,
  title		= {Simulating the dynamics of inextensible vesicles by the
		  penalty immersed boundary method},
  author	= {Yongsam Kim and Ming-Chih Lai},
  journal	= {Journal of Computational Physics},
  volume	= {229},
  number	= {12},
  pages		= {4840--4853},
  year		= {2010}
}

@Article{	  laa:sar:mis2014,
  title		= {Computing the dynamics of biomembranes by combining
		  conservative level set and adaptive finite element
		  methods},
  author	= {Aymen Laadhari and Pierre Saramito and Chaouqi Misbah},
  journal	= {Journal of Computational Physics},
  volume	= {263},
  pages		= {328--352},
  year		= {2014}
}

@Article{	  lin1980,
  title		= {Error estimation and iterative improvement for
		  discretization algorithms},
  author	= {Bengt Lindberg},
  journal	= {BIT},
  volume	= {20},
  pages		= {486--500},
  year		= {1980}
}

@Article{	  min2003,
  title		= {{Semi-Implicit Spectral Deferred Correction Methods for
		  Ordinary Differential Equations}},
  author	= {Michael L.~Minion},
  journal	= {Communications in Mathematical Sciences},
  volume	= {1},
  number	= {3},
  pages		= {471--500},
  year		= {2003}
}

@Article{	  mis2006,
  title		= {{Vacillating Breathing and Tumbling of Vesicles under
		  Shear Flow}},
  author	= {Misbah, C.},
  journal	= {Physical Review Letters},
  volume	= {96},
  number	= {2},
  year		= {2006}
}

@Article{	  nog:gom2005,
  title		= {{Shape Transitions of Fluid Vesicles and Red Blood Cells in
		  Capillary Flows}},
  author	= {H.~Noguchi and D.~G.~Gompper and Tom C.~Lubensky},
  journal	= {Proceedings Of The National Academy Of Sciences Of The
		  United States Of America},
  volume	= {102},
  pages		= {14159--14164},
  year		= {2005}
}

@Article{	  ong:mel:chr2012,
  title		= {{Parallel Semi-Implicit Time Integrators}},
  author	= {Benjamin Ong and Andrew Melfi and Andrew Christlieb},
  journal	= {arxiv},
  note		= {1209.4297v1},
  year		= {2012}
}

@Article{	  poz1990,
  title		= {{The Axisymmetric Deformation Of A Red Blood Cell In
		  Uniaxial Straining Stokes Flow}},
  author	= {C.~Pozrikidis},
  journal	= {Journal of Fluid Mechanics},
  volume	= {216},
  pages		= {231--254},
  year		= {1990}
}


@article{qua:bir2014b,
title = {High-volume fraction simulations of two-dimensional vesicle
  suspensions},
author = {Bryan Quaife and George Biros},
journal = {Journal of Computational Physics},
volume = {274},
pages = {245--267},
year = {2014}
}

@InProceedings{	  rah:las:vee:cha:mal:moo:sam:shr:vet:vud:zor:bir2010,
  author	= {Abtin Rahimian and Ilya Lashuk and Shravan K.~Veerapaneni
		  and Aparna Chandramowlishwaran and Dhairya Malhotra and
		  Logan Moon and Rahul Sampath and Aashay Shringarpure and
		  Jeffrey Vetter and Richard Vuduc and Denis Zorin and George
		  Biros},
  title		= {{Petascale direct numerical simulation of blood flow on
		  200K cores and heterogeneous architectures}},
  booktitle	= {SC '10: Proceedings of the 2010 ACM/IEEE conference on
		  Supercomputing},
  year		= {2010},
  pages		= {1--12},
  address	= {Piscataway, NJ, USA},
  publisher	= {IEEE Press}
}

@Article{	  rah:vee:bir2010,
  title		= {Dynamic simulation of locally inextensible vesicles
		  suspended in an arbitrary two-dimensional domain, a
		  boundary integral method},
  author	= {Abtin Rahimian and Shravan Kumar Veerapaneni and George
		  Biros},
  journal	= {Journal of Computational Physics},
  volume	= {229},
  pages		= {6466--6484},
  year		= {2010}
}

@unpublished{	  rah:vee:zor:bir2012,
  author	= {Abtin Rahimian and Shravan K.~Veerapaneni and Denis Zorin
		  and George Biros},
  title		= {{Fully discrete Galerkin Spectral Boundary Integral Method
		  for Vesicle Flows with Viscosity Contrast}},
  pages		= {1--28},
  year		= {2012},
  note		= {Submitted for publication}
}

@Article{	  ram:poz1998,
  title		= {Deformation of liquid capsules enclosed by elastic
		  membranes in simple shear flow: large deformations and the
		  effect of fluid viscosities},
  author	= {Ramanujan, S.~and Pozrikidis, C.},
  journal	= {Journal of Fluid Mechanics},
  volume	= {361},
  pages		= {117--143},
  year		= {1998}
}

@Article{	  sac1996,
  title		= {{Supported membranes: Scientific and practical
		  applications}},
  author	= {E.~Sackmann},
  journal	= {Science},
  volume	= {271},
  pages		= {43--48},
  year		= {1996}
}

@Article{	  ske1982,
  title		= {{A Theoretical Framework for Proving Accuracy Results for
		  Deferred Corrections}},
  author	= {Robert D.~Skeel},
  journal	= {SIAM Journal on Numerical Analysis},
  volume	= {19},
  number	= {1},
  pages		= {171--196},
  year		= {1982}
}

@Article{	  soh:tse:li:voi:low2010,
  title		= {Dynamics of multicomponent vesicles in a viscous fluid},
  author	= {J.S.~Sohn and Y.-H.~Tseng and S.~Li and A.~Voigt and
		  J.S.~Lowengrub},
  journal	= {Journal of Computational Physics},
  volume	= {229},
  issue		= {1},
  month		= {January},
  pages		= {119--144},
  year		= {2010}
}

@InProceedings{	  spe:rup:emm:bol:kra2014,
  title		= {A space-time parallel solver for the three-dimensional
		  heat equation},
  author	= {Robert Speck and Daniel Ruprecht and Matthew Emmett and
		  Matthias Bolten and Rolf Krause},
  booktitle	= {Parallel Computing: Accelerating Computational Science and
		  Engineering (CSE)},
  series	= {Advances in Parallel Computing},
  volume	= {25},
  pages		= {263 - 272},
  publisher	= {IOS Press},
  year		= {2014}
}

@Book{		  ste1973,
  title		= {{Analysis of Discretization Methods for Ordinary
		  Differential Equations}},
  author	= {Hans J.~Stetter},
  publisher	= {Springer Tracts in Natural Philosophy},
  volume	= {23},
  year		= {1973}
}

@Article{	  suk:sei2001,
  title		= {{Influence of shear flow on vesicles near a wall: A
		  numerical study}},
  author	= {S.~Sukumaran and U.~Seifert},
  journal	= {Physical Review Letter E},
  volume	= {64},
  number	= {011916},
  year		= {2001}
}

@Article{	  vee:gue:zor:bir2009,
  title		= {A boundary integral method for simulating the dynamics of
		  inextensible vesicles suspended in a viscous fluid in
		  2{D}},
  author	= {S.~K.~Veerapaneni and D.~Gueyffier and D.~Zorin and
		  G.~Biros},
  journal	= {Journal of Computational Physics},
  volume	= {228},
  number	= {7},
  pages		= {2334--2353},
  year		= {2009}
}

@Article{	  vee:rah:bir:zor2011,
  title		= {A fast algorithm for simulating vesicle flows in three
		  dimensions},
  author	= {Shravan K.~Veerapaneni and Abtin Rahimian and George Biros
		  and Denis Zorin},
  journal	= {Journal or Computational Physics},
  volume	= {230},
  number	= {14},
  pages		= {5610--5634},
  year		= {2011}
}

@TechReport{	  wei2013,
  title		= {{Faster SDC convergence on non-equidistant grids by DIRK
		  sweeps}},
  author	= {Martin Weiser},
  institution	= {ZIB},
  address	= {Takustr.7, 14195 Berlin},
  number	= {13-30},
  year		= {2013}
}

@Article{	  zha:sha2011a,
  title		= {The dynamics of a vesicle in simple shear flow},
  author	= {Hong Zhao and Eric S.~G.~Shaqfeh},
  journal	= {Journal of Fluid Mechanics},
  volume	= {674},
  pages		= {578--604},
  year		= {2011}
}

@Article{	  zha:sha2013b,
  title		= {The dynamics of a non-dilute vesicle suspension in simple
		  shear flow},
  author	= {Hong Zhao and Eric S.~G.~Shaqfeh},
  journal	= {Journal of Fluid Mechanics},
  volume	= {725},
  pages		= {709--731},
  year		= {2013}
}

@article{hsi:lai:yan:you2013,
title = {{An Unconditionally Energy Stable Penalty Immersed Boundary
  Method for Simulating the Dynamics of an Inextensible Interface
  Interacting with a Solid Particle}},
author = {Po-Wen Hsieh and Ming-Chih Lai and Suh-Yuh Yang and Cheng-Shu
  You},
journal = {Journal of Scientific Computing},
volume = {},
doi = {10.1007/s10915-014-9933-y},
year = {2013}
}

@article{chr:mac:ong:spi2014,
title = {{Revisionist Integral Deferred Correction with Adaptive
  Step-Size Control}},
author = {A.~J.~Christlieb and C.~B.~Macdonald and B.~W.~Ong and
  R.~J.~Spietri},
journal = {Communcations in Applied Mathematics and Computational
Science},
volume = {10},
number = {1},
pages = {1--25},
year = {2016}
}


@article{emm:min2012,
title = {Toward and efficient parallel in time method for partial
  differential equations},
author = {Matthew Emmett and Michael L.~Minion},
journal = {Communications in Applied Mathematics and Computational
  Science},
volume = {7},
number = {1},
pages = {105--132},
year = {2012}
}

@article{min:spe:bol:emm:rup2015,
title = {{Interweaving PFASST and Parallel Multigrid}},
author = {M.~L.~Minion and R.~Speck and M.~Bolten and M.~Emmett and
  D.~Ruprecht},
journal = {arxiv},
volume = {1407.6486},
year = {2015}
}

@article{spe:rup:emm:min:bol:kra2014,
title = {A multi-level spectral deferred correction method},
author = {Robert Speck and Daniel Ruprecht and Matthew Emmett and
  Michael Minion and Matthias Bolten and Rolf Krause},
journal = {BIT Numerical Mathematics},
volume = {DOI: 10.1007/s10543-014-0517-x},
year = {2014}
}

@article{spe:rup:min:emm:kra2014,
title = {Inexact spectral deferred corrections},
author = {Robert Speck and Daniel Ruprecht and Michael Minion and
  Matthew Emmett and Rolf Krause},
journal = {arxiv},
volume = {1401-7824},
year = {2014}
}

@article{win:spe:rup2014,
title = {{A high-order Boris integrator}},
author = {Mathias Winkel and Robert Speck and Daniel Ruprecht},
journal = {Journal of Computational Physics},
volume = {295},
pages = {456--474},
year = {2015}
}

@article{bea:rio:seo:bib:mis2004,
title = {Steady to unsteady dynamics of a vesicle in a flow},
author = {J.~Beaucourt and F.~Rioual and T.~S\'eon and T.~Biben and
  C.~Misbah},
journal = {Physical Review E},
volume = {69},
pages = {011906},
year = {2004},
}

@article{bib:mis2003,
title = {Tumbling of vesicles under shear flow within an advected-field
  approach},
author = {T.~Biben and C.~Misbah},
journal = {Physical Review E},
volume = {67},
pages = {031908},
year = {2003}
}

@article{can:kas:mis2003,
title = {Vesicles in haptotaxis with hydrodynamical dissipation},
author = {I.~Cantat and K.~Kassner and C.~Misbah},
journal = {The European Physical Journal E},
volume = {10},
pages = {175--189},
year = {2003}
}

@article{ala:ege:low:voi2014,
title = {Diffuse interface models of locally inextensible vesicles in a
  viscous fluid},
author = {Sebastian Aland and Sabine Egerer and John Lowengrub and Axel
  Voight},
journal = {Journal of Computational Physics},
volume = {277},
pages = {32--47},
year = {2014}
}


