@article{helsing-ojala08,
  author={Helsing, Johan and Ojala, Rikard}, 
  title={Corner singularities for elliptic problems: {I}ntegral
                  equations, graded meshes, quadrature, and compressed
                  inverse preconditioning},
  year=2008,
  journal = {Journal of Computational Physics},
  volume = 227,
  pages = {8820--8840}
}

@article{sid:isr,
  author = {Avram Sidi and Moshe Israeli},
  title = {Quadrature {M}ethods for {P}eriodic {S}ingular and {W}eakly 
    {S}ingular {F}redholm {I}ntegral {E}quations},
  journal = {Journal of Scientific Computing},
  year = {1988},
  volume = {3},
  number = {2},
  pages = {201--231}
}

@article{dut:gre:rok,
  author={A.~Dutt and L.~Greengard and V.~Rokhlin},
  title={Spectral {D}eferred {C}orrection {M}ethods for {O}rdinary
    {D}ifferential {E}quations},
  journal={BIT Numerical Mathematics},
  year={2000},
  volume={40},
  issue={2},
  pages={241--266}
}


@article{rah:vee:bir,
  author = {Abtin Rahimian and Shravan Kumar Veerapaneni and George Biros},
  title = {Dynamic simulation of locally inextensible vesicles suspended in an arbitrary two-dimensional domain, a boundary integral method},
  journal = {Journal of Computational Physics},
  year = {2010},
  volume = {229},
  pages = {6466--6484},
}
  

@ARTICLE{ying-biros-zorin-03,
  author = {Lexing Ying and George Biros and Denis Zorin},
  title = {A kernel-independent adaptive fast multipole method in two and three
  dimensions},
  journal = {Journal of Computational Physics},
  year = {2004},
  volume = {196},
  pages = {591-626},
  number = {2}
}


@article{power1987,
 author = {H. Power and G. Miranda},
 title = {Second kind integral equation formulation of Stokes' flows
                  past a particle of arbitrary shape},
 journal = {SIAM Journal of Applied Mathematics},
 volume = {47},
 number = {4},
 year = {1987},
 pages = {689--698},
}

@article{power1993,
author = {H. Power},
title = {{The completed double layer boundary integral equation method for two-dimensional Stokes flow}},
journal = {IMA Journal of Applied Mathematics},
volume = {51},
number = {2},
pages = {123--145},
year = {1993},
}

@Article{kraus1996,
  title = {{Fluid Vesicles in Shear Flow}},
  author = {M.~Kraus and W.~Wintz and U.~Seifert and R.~Lipowsky},
  journal = {Physical Review Letter},
  volume = {77},
  number = {17},
  pages = {3685--3688},
  year = {1996},
}

@book{ascher1998,
 author = {U. M. Ascher and L. R. Petzold},
 title = {Computer Methods for Ordinary Differential Equations and
                  Differential-Algebraic Equations},
 publisher = {Society for Industrial and Applied Mathematics},
 year = {1998},
 address = {Philadelphia, PA, USA}
 }

@article{alpert1999,
 author = {B.~K.~Alpert},
 title = {{Hybrid Gauss-trapezoidal quadrature rules}},
 journal = {SIAM Journal on Scientific Computing},
 volume = {20},
 year = {1999},
 pages = {1551--1584},
 }


@article{shravan,
  author = {S.~K.~Veerapaneni and D.~Gueyffier and D.~Zorin and
    G.~Biros},
  title = {A boundary integral method for simulating the dynamics of inextensible vesicles suspended in a viscous fluid in 2{D}},
oldtitle = {A fast algorithm for hydrodynamic interactions of inextensible vesicles in 2{D}},
  journal = {Journal of Computational Physics},
  pages = {2334--2353},
  volume = {228},
  number = {7},
  year =  {2009}
 } 
 
@book{pozrikidis1992,
 author = {C.~Pozrikidis},
 title = {{Boundary Integral and Singularity Methods for Linearized
                  Viscous Flow}},
 publisher = {Cambridge University Press},
 year = {1992},
 address = {New York, NY, USA}
 }
 
@book{saad,
 author = {Y.~Saad},
 title = {Iterative Methods for Sparse Linear Systems},
 publisher = {Society for Industrial and Applied Mathematics},
 edition = {second},
 year = {2003},
 address = {Philadelphia, PA, USA}
 }

@article{karrila1989, 
author = {S.~J.~Karrila and S.~Kim}, 
title = {Integral Equations of the second kind for stokes flow: Direct
 solution for physical variables and removal of inherent accuracy
 limitations}, 
journal = {Chemical engineering communications}, 
volume = {82}, 
year = {1989}, 
issue = {1}, 
pages = {123--161}
}

@article{biros2004,
 author = {G.~Biros and L.~Ying and D.~Zorin},
 title = {A fast solver for the Stokes equations with distributed
                  forces in complex geometries},
 journal = {Journal of  Computational Physics},
 volume = {193},
 number = {1},
 year = {2004},
 pages = {317--348},
 }

@ARTICLE{ying-biros-zorin06,
  author = {Lexing Ying and George Biros and Denis Zorin},
  title = {{A high-order 3D boundary integral equation solver for elliptic PDEs
	in smooth domains}},
  journal = {Journal of Computational Physics},
  year = {2006},
  volume = {219},
  pages = {247--275},
  number = {1}
}

@article{noguchi2005,
author= {H.~Noguchi and D.~G.~Gompper},
title = {Shape transitions of fluid vesicles and red blood cells in
                  capillary flows},
journal = {Proceedings Of The National Academy Of Sciences Of The
                  United States Of America},
volume = {102},
year = {2005},
pages = {14159--14164}
}

@article{pozrikidis1990,
author = {C.~Pozrikidis},
title = {{The Axisymmetric Deformation Of A Red Blood Cell In Uniaxial
                  Straining Stokes Flow}},
journal = {Journal of Fluid Mechanics},
volume = {216},
year = {1990},
pages = {231--254}
}

@article{rallison1978,
author = {J.M. Rallison and A. Acrivos},
title = {A numerical study of the deformation and burst of a viscous
                  drop in an extensional flow},
journal = {Journal of Fluid Mechanics},
volume = {89},
year = {1978},
pages = {191--200}
}

@article{seifert,
author = {U.~Seifert},
title = {Configurations of fluid membranes and vesicles},
journal = {Advances in Physics},
volume = {46},
year = {1997},
pages = {13--137}
}

@article{pozrikidis2001a,
author = {C.~Pozrikidis},
title = {{Interfacial dynamics for Stokes flow}},
journal = {Journal of Computational Physics},
volume = {169},
year = {2001},
pages = {250--301}
}

@article{pozrikidis2001b,
author = {C.~Pozrikidis},
title = {Effect of membrane bending stiffness on the deformation of capsules in simple shear flow},
journal = {Journal of Fluid Mechanics},
volume = {440},
year = {2001},
pages = {269--291}
}

@article{youngren1975,
author = {G. K. Youngren and A. Acrivos},
title = {Stokes flow past a particle of arbitrary shape: a numerical
                  method of solution},
journal = {Journal of Fluid Mechanics},
year = {1975},
volume = {69},
pages = {377--403}
}

@article{pozrikidis1995,
author = {C.~Pozrikidis},
title = {Finite deformation of liquid capsules enclosed by elastic
                  membranes in simple shear flow},
journal = {Journal of Fluid Mechanics},
volume = {297},
year = {1995},
pages = {123-152}
}

@article{sackmann1996,
author = {E.~Sackmann},
title = {{Supported membranes: Scientific and practical applications}},
journal = {Science},
volume = {271},
year = {1996},
pages = {43--48}
}

@article{ascher1995,
author = {U.~M.~Ascher and S.~J.~Ruuth and B.~T.~R.~Wetton},
title = {Implicit-explicit methods for time dependent partial
                  differential equations},
journal = {SIAM Journal on Numerical Analysis},
volume = {32},
year = {1995},
pages = {797-823}
}


@article{sukumaran2001,
  title = {Influence of shear flow on vesicles near a wall: A
                  numerical study},
  author = {S. Sukumaran and U. Seifert},
  journal = {Physical Review Letter E},
  volume = {64},
  number = {1},
  year = {2001},
}

@article{beaucourt,
  title = {Steady to unsteady dynamics of a vesicle in a flow},
  author = {Beaucourt, J.  and Rioual, F.  and S\'eon, T.  and Biben,
                  T.  and Misbah, C. },
  journal = {Physical Review Letter E},
  volume = {69},
  number = {1},
  year = {2004},
}

@article{kantsler,
author = {V.~Kantsler and V.~Steinberg},
title = {Transition to Tumbling and Two Regimes of Tumbling Motion of
                  a Vesicle in Shear Flow},
year = {2006},
journal = {Physical Review Letters},
volume = {96},
number = {3},
numpages = {4},
}

@Book{kress,
  author = {R.~Kress},
  title = {Linear Integral Equations},
  publisher = {Springer},
  year = {1999},
  series =  {Applied Mathematical Sciences},
  edition =   {2nd},  
}


@article{vitkova2008,
Author = {Vitkova, V. and Mader, M. and Polack, B. and Misbah,C. and Podgorski, T.},
Title = {{Micro-macro link in rheology of erythrocyte and vesicle suspensions}},
Journal = {{Biophysical Journal}},
year = {{2008}},
volume = {{95}},
number = {{6}},
pages = {{L33--L35}},
}

@article{danker2007b,
title = "Rheology and dynamics of vesicle suspension in comparison with droplet emulsion",
journal = "Journal of Non-Newtonian Fluid Mechanics",
volume = "152",
number = "1-3",
pages = "156--167",
year = "2008",
author = "G. Danker and C. Verdier and C. Misbah",
}


@article{ramanujan1997,
Author = {Ramanujan, S. and Pozrikidis, C.},
Title = {{Deformation of liquid capsules enclosed by elastic membranes in simple
   shear flow: large deformations and the effect of fluid viscosities}},
Journal = {{Journal of Fluid Mechanics}},
Year = {{1998}},
Volume = {{361}},
Pages = {{117--143}},
}


@article{ loewenberg1998,
Author = {Loewenberg, M.},
Title = {{Numerical simulation of concentrated emulsion flows}},
Journal = {{Journal of Fluids Engineering-Transactions of the ASME}},
Year = {{1998}},
Volume = {{120}},
Number = {{4}},
Pages = {{824--832}},
}

@Book{batchelor1970a,
author = { Batchelor, G. K. },
title = { An introduction in fluid dynamics},
publisher = {Cambridge University Press},
year = { 1970 },
}

@article{batchelor1970b,
   author = {{Batchelor}, G.~K.},
    title = "{The stress system in a suspension of force-free particles}",
  journal = {Journal of Fluid Mechanics},
     year = 1970,
   volume = 41,
    pages = {545--570},
}

@article{kaoui2008,
Author = {Kaoui, B. and Ristow, G. H. and Cantat, I. and Misbah,
                  C. and Zimmermann, W.},
Title = {{Lateral migration of a two-dimensional vesicle in unbounded Poiseuille
   flow}},
Journal = {{Physical Review E}},
Year = {{2008}},
Volume = {{77}},
Number = {{2, Part 1}},
}

@article{kaoui-tahiri-biros-misbah-e11,
  author = {B.~Kaoui and N.~Tahiri and T.~Biben and H.~Ez-Zahraouy and
    A.~Benyoussef and G.~Biros and C.~Misbah},
  title={{What Dictates Red Blood Cell Shapes and Dynamics in the
    Microvasculature?}},
  journal = {Physical Review E},                  
  pages={1--11},                   
  year={2011},
}

@article{ghigliotti-biros-e10,
 author={G.~Ghigliotti and A.~Rahimian and G.~Biros and C.~Misbah},
 title={Vesicle Migration and Spatial Organization Driven by Flow Line Curvature},
 year={2011},
 journal = {Physical Review Letters},
 volume = 106,                  
 numpages={4},
 pages= 028101
}


@article{misbah2006,
Author = {C.~Misbah},
Title = {{Vacillating breathing and tumbling of vesicles under shear flow}},
Journal = {Physical Review Letters},
Year = {2006},
Volume = {96},
Number = {2}
}

@article{kropinski2001,
title = "An Efficient Numerical Method for Studying Interfacial Motion in Two-Dimensional Creeping Flows",
journal = "Journal of Computational Physics",
volume = "171",
number = "2",
pages = "479--508",
year = "2001",
author = "M. C. A. Kropinski"
}

@article{tornberg2004,
title = "Simulating the dynamics and interactions of flexible fibers in Stokes flows",
journal = "Journal of Computational Physics",
volume = "196",
number = "1",
pages = "8--40",
year = "2004",
author = "A. Tornberg and M. J. Shelley"
}

@ARTICLE{eckstein1977,
   author = {{Eckstein}, E.~C. and {Bailey}, D.~G. and {Shapiro}, A.~H.},
    title = "{Self-diffusion of particles in shear flow of a suspension}",
  journal = {Journal of Fluid Mechanics},
     year = 1977,
   volume = 79,
    pages = {191--208}
}

@ARTICLE{loewenberg1997,
   author = {{Loewenberg}, M. and {Hinch}, E.~J.},
    title = "{Collision of two deformable drops in shear flow}",
  journal = {Journal of Fluid Mechanics},
     year = 1997,
   volume = 338,
    pages = {299--315},
   }

@article{martinsson2005,
Author = {Martinsson, PG and Rokhlin, V},
Title = {{A Fast Direct Solver for Boundary Integral Equations in Two Dimensions}},
Journal = {{Journal of Computational Physics}},
Year = {{2005}},
Volume = {{205}},
Number = {{1}},
Pages = {{1--23}},
}

@article{freund2007,
author = {Jonathan B. Freund},
collaboration = {},
title = {Leukocyte margination in a model microvessel},
year = {2007},
journal = {Physics of Fluids},
volume = {19},
number = {2},
}

@article{zhou1993,
author = {Hua Zhou and C.~Pozrikidis},
title = {The flow of suspensions in channels: Single files of drops},
year = {1993},
journal = {Physics of Fluids A: Fluid Dynamics},
volume = {5},
number = {2},
pages = {311--324},
}


@article{jeffrey1976,
author = {D. J. Jeffrey and A. Acrivos},
title = {The rheological properties of suspensions of rigid particles},
journal = {AIChE Journal},
volume = {22},
number = {3},
pages = {417--432},
year = {1976}
}

@book{kellogg,
  author = {O.~D.~Kellogg},
  title = {{F}oundations of {P}otential {T}heory},
  publisher = {Dover},
  year = {1953}
}


@article{min,
  title={{Semi-Implicit Spectral Deferred Correction Methods for Ordinary Differential Equations}},
  author={Michael L.~Minion},
  journal={Communications in Mathematical Sciences},
  volume={1},
  number={3},
  pages={471--500},
  year={2003}
}

@article{bal:tru,
  author = {Baltensperger, Richard and Trummer, Manfred R.},
  title = {{Spectral Differencing with a Twist}},
  journal = {SIAM Journal on Scientific Computing},
  volume = {24},
  number = {5},
  year = {2002},
  pages = {1465--1487},
  publisher = {Society for Industrial and Applied Mathematics},
  address = {Philadelphia, PA, USA},
} 


@article{hua:jia:min,
  author = {Huang, Jingfang and Jia, Jun and Minion, Michael},
  title = {{Arbitrary order Krylov deferred correction methods for differential algebraic equations}},
  journal = {Journal of Computational Physics},
  volume = {221},
  number = {2},
  year = {2007},
  pages = {739--760},
  publisher = {Academic Press Professional, Inc.},
  address = {San Diego, CA, USA},
} 

@unpublished{quaife:biros2013,
  author = {Quaife, Bryan and Biros, George},
  title = {On preconditioners for the {L}aplace double-layer in 2{D}},
  note = {http://arxiv.org/abs/1308.1937},
  year = {2013}
}

@unpublished{klo:bar:gre:one2012,
  author = {Andreas Kl\"{o}ckner and Alexander Barnett and Leslie
    Greengard and Michael O'Neil},
  title = {{Quadrature by Expansion: A New Method for the Evaluation of
    Layer Potentials}},
  note = {http://arxiv.org/abs/1207.4461},
  year = {2012}
}

@ARTICLE{veerapaneni-e11,
  author = {Shravan K.~Veerapaneni and Abtin Rahimian and George Biros and Denis Zorin},
  title = {A fast algorithm for simulating vesicle flows in three dimensions},
  year = {2011},
  volume = 230,
  number = 14,
  pages = {5610--5634},
  journal =  {Journal of Computational Physics}
}

@article{jimenez-e13,
  title={{3D collision detection: A survey}},
  author={Jim{\'e}nez, Pablo and Thomas, Federico and Torras, Carme},
  journal={Computers \& Graphics},
  volume={25},
  number={2},
  pages={269--285},
  year={2001},
  publisher={Elsevier}
}

@inproceedings{redon-e04,
  title={Fast continuous collision detection for articulated models},
  author={Stephane Redon and Young J.~Kim and Ming C.~Lin and
    Dinesh Manocha},
  booktitle={Proceedings of the ninth ACM Symposium on Solid Modeling and Applications},
  pages={145--156},
  year={2004},
  organization={Eurographics Association}
}

@article{kaoui-biros-misbah09,
author = {Badr Kaoui and George Biros and Chaouqi Misbah},
title = {{Why Do Red Blood Cells Have Asymmetric Shapes Even in a
  Symmetric Flow?}},
year = {2009},
journal = {Physical Review Letters},
volume = {103},
number = {18},
numpages = {4},
pages = {188101}
}


@article{fre:ore2011,
title = {Cellular flow in a small blood vessel},
author = {Jonathan B.~Freund and M.~M.~Orescanin},
journal = {Journal of Fluid Mechanics},
volume = {671},
pages = {466--490},
year = {2011}
}

@inbook{fre:zha2010,
title = {A high-resolution fast boundary-integral method for
  multiple blood cells},
author = {J.~B.~Freund and H.~Zhao},
chapter = {3},
pages = {71--111},
publisher = {CRC Press},
year = {2010}
}

@article{zha:isf:ols:fre2010,
title = {A spectral boundary integral method for flowing blood
  cells},
author = {Hong Zhao and Amir H.G.~Isfahani and Luke N.~Olson and
  Jonathan B.~Freund},
journal = {Journal of Computational Physics},
volume = {229},
pages = {3726--3744},
year = {2010}
}




@article{zha:sha2011b,
title = {Shear-induced platelet margination in a microchannel},
author = {Hong Zhao and Eric S.~G.~Shaqfeh},
journal = {Physical Review E},
volume = {83},
pages = {061924},
year = {2011}
}

@article{zha:sha2013a,
title = {The shape stability of a lipid vesicle in a uniaxial
  extensional flow},
author = {Hong Zhao and Eric S.~G.~Shaqfeh},
journal = {Journal of Fluid Mechanics},
volume = {719},
pages = {345--361},
year = {2013}
}

@article{zha:sha2013b,
title = {The dynamics of a non-dilute vesicle suspension in simple 
  shear flow},
author = {Hong Zhao and Eric S.~G.~Shaqfeh},
journal = {Journal of Fluid Mechanics},
volume = {725},
pages = {709--731},
year = {2013}
}

@article{kum:gra2011,
title = {Segregation by membrane rigidity in flowing binary
  suspensions of elastic capsules},
author = {Amit Kumar and Michael D.~Graham},
journal = {Physical Review E},
volume = {84},
year = {2011}
}

@article{kum:riv:gra2014,
title = {Flow-induced segregation in confined multicomponent
  suspensions: effects of particle size and rigidity},
author = {Amit Kumar and Rafael G.~Henriuez Rivera and Michael
  D.~Graham},
journal = {Journal of Fluid Mechanics},
volume = {738},
pages = {423--462},
year = {2014}
}

@article{pra:riv:gra2012,
title = {{Depletion layer formation in suspensions of elastic
  capsules in Newtonian and viscoelastic fluids}},
author = {Patrik Pranay and Rafael G.~Henriquez-Rivera and Michael
  D.~Graham},
journal = {Physics of Fluids},
volume = {24},
pages = {061902},
year = {2012}
}

@article{poz1999,
title = {{A Spectral-Element Method for Particulate Stokes Flow}},
author = {C.~Pozrikidis},
journal = {Journal of Computational Physics},
volume = {156},
pages = {360--381},
year = {1999}
}

@article{zha:sha:nar2012,
title = {Shear-induced particle migration and margination in a
  cellular suspension},
author = {Hong Zhao and Eric S.~G.~Shaqfeh and Vivek Narsimhan},
journal = {Physics of Fluids},
volume = {24},
pages = {011902},
year = {2012}
}



@article{dim:hig1997,
title = {{Displacement of fluid droplets from solid surfaces in
    low-Reynolds-number shear flows}},
author = {P.~Dimitrakopoulos and J.~J.~L.~Higdon},
journal = {Journal of Fluid Mechancis},
volume = {336},
pages = {351--378},
year = {1997}
}


@article{kro1999,
title = {{Integral Equation Methods for Particle Simulations in Creeping Flows}},
author = {M.~C.~A.~Kropinski},
journal = {Computers and Mathematics with Applications},
volume = {38},
pages = {67--87},
year = {1999}
}


@article{dim2007,
title = {{Interfacial dynamics in Stokes flow via a three-dimensional
  fully-implicit interfacial spectral boundary element algorithm}},
author = {P.~Dimitrakopoulos},
journal = {Journal of Computational Physics},
volume = {225},
pages = {408--426},
year = {2007}
}

@techreport{zha:sha2009,
title = {The dynamics of a vesicle in shear flow},
author = {H.~Zhao and E.~S.~G.~Shaqfeh},
institution = {Stanford University},
year = {2009}
}

@article{sal:mik2012,
title = {Reynolds number effect on lipid vesicles},
author = {David Salac and Michael J.~Miksis},
journal = {Journal of Fluid Mechanics},
volume = {711},
pages = {122--146},
year = {2012}
}

@article{li:poz2000,
title = {Wall-bounded shear flow and channel flow of suspensions of 
    liquid drops},
author = {Xiaofan Lin and C.~Pozrikidis},
journal = {International Journal of Multiphase Flow},
volume = {26},
pages = {1247--1279}, 
year = {2000}
} 

@article{li:poz2002,
title = {Film flow of a suspension of liquid drops},
author = {X.~Li and C.~Pozrikidis},
journal = {Physics of Fluids},
volume = {14}, 
number = {1},
year = {2002}
} 

@article{men:hig2008,
title = {{Large scale dynamic simulation of plate-like particle
    suspensions. Part II: Brownian simulation}},
author = {Qingjun Meng and Jonathan J.~L.~Higdon}, 
journal = {Journal of Rheology},
volume = {52},
year = {2008}
} 

@article{zha:sha2011a,
title = {The dynamics of a vesicle in simple shear flow},
author = {Hong Zhao and Eric S.~G.~Shaqfeh},
journal = {Journal of Fluid Mechanics},
volume = {674},
pages = {578--604},
year = {2011}
}
