@article{dea-qua-bir-jua2016,
title = {{Porelets: Prediction of velocity distribution from pore
  structure in simple porous media}},
author = {Pietro de Anna and Bryan Quaife and George Biros and Ruben
  Juanes},
journal = {Geophysical Review Letters},
volume = {???},
pages = {???},
year = {2016}
}

@article{qua-bir2014a,
title = {High-volume fraction simulations of two-dimensional vesicle
  suspensions},
author = {Bryan Quaife and George Biros},
journal = {Journal of Computational Physics},
volume = {274},
pages = {245--267},
year = {2014}
}
